@online{abinpet,
author = {Instituto Pet Brasil - ABINPET},
title = {Tendências do mercado pet},
year = {2021},
url = {http://institutopetbrasil.com/},
pubstate = {Brasil},
urlaccessdate = {03.03.2022}
}

@book{rozenfeld,
  title={Gest{\~a}o de desenvolvimento de produtos},
  author={Amaral, Daniel Capaldo and ALLIPRANDINI, DARIO HENRIQUE and FORCELLINI, FERNANDO ANTONIO and DE TOLEDO, JOSE CARLOS and DA SILVA, SERGIO LUIS and SCALICE, REGIS KOVACS and ROZENFELD, HENRIQUE},
  year={2017},
  publisher={Saraiva Educa{\c{c}}ao SA}
}

@online{abcomm,
author = {Associação Brasileira de Comércio Eletrônico - ABcomm},
title = {Tendências do mercado pet para 2022},
year = {2022},
url = {https://rnpet.com.br/mercado-pet/tendencias-do-mercado-pet-para-2022/#:~:text=Setor%20deve%20crescer%20em%20torno,ultrapasse%20os%20R%24%2046%20bilh%C3%B5es.},
pubstate = {Brasil},
urlaccessdate = {03.03.2022}
}

@online{fgv,
author = {Fundação Getúlio Vargas - FGV},
title = {População de cães e gatos no Brasil pode crescer 26% até 2030},
year = {2020},
url = {https://correiojuquery.com.br/populacao-de-caes-e-gatos-no-brasil-pode-crescer-26-ate-2030/},
pubstate = {Brasil},
urlaccessdate = {03.03.2022}
}

@online{folha,
author = {Folha de São Paulo - Folha},
title = {Mercado ecologicamente correto enfrenta custo alto de matérias primas},
year = {2016},
url = {https://www1.folha.uol.com.br/mercado/2016/09/1816199-mercado-ecologicamente-correto-enfrenta-custo-alto-de-materias-primas.shtml},
pubstate = {Brasil},
urlaccessdate = {03.03.2022}
}

@online{noticia,
author = {Murilo Gitel},
title = {Número de compradores de produtos sustentáveis cresce 55$\%$},
year = {2020},
url = {https://www.noticiasustentavel.com.br/compradores-produtos-sustentaveis/},
pubstate = {Brasil},
urlaccessdate = {03.03.2022}
}

@online{comac,
author = {Comissão de Animais de Companhia - COMAC},
title = {Apresentação Radar 2021},
year = {2021},
url = {https://www.comacvet.org.br/mercado/},
pubstate = {Brasil},
urlaccessdate = {03.03.2022}
}
