@Book{Halliday16,
ALTauthor = {Halliday & Resnick},
title = {Fundamentos de Física - Mecânica},
year = {2016},
OPTvolume = {1},
OPTedition = {10},
}
