@article{hallidayfundamentos,
  title={Fundamentos de F{\'\i}sica--Volume 1--Mec{\^a}nica--Livros T{\'e}cnicos e Cient{\'\i}ficos Editora--10 a Edi{\c{c}}{\~a}o},
  author={HALLIDAY, D and RENSICK, R and WALKER, J},
  journal={Livro de Exerc{\'\i}cios}
}
@online{UFC,
author = {Prof. Nildo LOIOLA},
title = {Associação de Molas},
url = {http://www.virtual.ufc.br/solar/aula_link/lfis/I_a_P/lab_fisica_II/aula_02-8569/02.html},
organization = {Universidade Federal do Ceará},
}
@book{leithold1998calculo,
  title={El c{\'a}lculo},
  author={Leithold, Louis and Fagoaga, Juan Carlos Vega},
  volume={7},
  year={1998},
  publisher={Oxford University Press}
}

