@book{hibbeler2005estatica,
  title={Est{\'a}tica: mec{\^a}nica para engenharia},
  author={Hibbeler, Russel C},
  year={2005},
  publisher={Pearson Education do Brasil}
}