@inproceedings{da2019analise,
  title={An{\'a}lise do processo de produ{\c{c}}{\~a}o do amido de milho},
  author={da Silva, Andressa Thais and da Silva, Mirian},
  booktitle={Simp{\'o}sio de Engenharia de Produ{\c{c}}{\~a}o},
  year={2019}
}

@phdthesis{peixoto2017avaliaccao,
  title={Avalia{\c{c}}{\~a}o do uso industrial de enzimas na diminui{\c{c}}{\~a}o do tempo de macera{\c{c}}{\~a}o na moagem do milho por via {\'u}mida},
  author={Peixoto, Erivelton Cardoso},
  year={2017},
  school={Universidade de S{\~a}o Paulo}
}

@article{geraldi2010estudo,
  title={Estudo para a implementa{\c{c}}{\~a}o de uma planta de produ{\c{c}}{\~a}o de amido de milho},
  author={Geraldi, Claudin{\'e}ia Aparecida Queli},
  year={2010},
  publisher={Universidade Estadual de Maring{\'a}}
}

@article{queiroz2010processo,
  title={Processo de produ{\c{c}}{\~a}o de conserva caseira de minimilho.},
  author={Queiroz, VAV and Pereira Filho, IA},
  year={2010},
  publisher={Sete Lagoas: Embrapa Milho e Sorgo, 2010.}
}

@article{regitano2015processamento,
  title={Processamento e industrializa{\c{c}}{\~a}o do milho para alimenta{\c{c}}{\~a}o humana},
  author={REGITANO-DARCE, Marisa Aparecida Bismara and Spoto, Marta Helena Fillet and Castellucci, Ana Carolina Leme},
  journal={Vis{\~a}o Agr{\'\i}cola, Piracicaba},
  number={13},
  pages={138--140},
  year={2015}
}

@article{strazzi2015derivados,
  title={Derivados do milho s{\~a}o usados em mais de 150 diferentes produtos industriais},
  author={Strazzi, Sueli},
  journal={Revista Vis{\~a}o Agr{\'\i}cola--USP/ESALQ},
  volume={13},
  pages={146--150},
  year={2015}
}

@article{paes2006aspectos,
  title={Aspectos f{\'\i}sicos, qu{\'\i}micos e tecnol{\'o}gicos do gr{\~a}o de milho.},
  author={PAES, Maria Cristina Dias},
  year={2006},
  publisher={Sete Lagoas: Embrapa Milho e Sorgo, 2006.}
}

@article{freitas2012desenvolvimento,
  title={Desenvolvimento de novas tecnologias para produ{\c{c}}{\~a}o de xarope de glicose a partir do amido},
  author={Freitas, Aline Costa de},
  year={2012},
  publisher={Universidade Estadual Paulista (Unesp)}
}