@online{histograma,
author = {PortalAction},
title = {Histograma},
note="\url{http://www.portalaction.com.br/estatistica-basica/16-histograma}",
}
@online{poligono,
author = {Conceito.de},
title = {Polígono de Frequência},
note="\url{http://conceito.de/poligono-de- frequencia}",
}
@online{wiki,
author = {Wikipedia},
title = {Wikipedia},
note="\url{https://pt.wikipedia.org}",
}
@online{variaveis,
author = {Ufpr},
title = {Tipos de Variáveis},
note="\url{http://leg.ufpr.br/~silvia/CE055/node8.html}",
}
@online{variaveis1,
author = {Posgraduando},
title = {Variáveis Qualitativas Apresentação},
note="\url{http://posgraduando.com/as-variaveis-quantitativas-e-qualitativas-e-os-testes-estatisticos/
}",
}
@online{variaveis3,
author = {Ufscar},
title = {Apresentação de Dados Qualitativos},
note="\url{http://www.ufscar.br/jcfogo/Bioestat/arquivos/Bioestat2_Variaveis_Qualitativas.pdf
}",
}
@online{variaveis4,
author = {Ufpb},
title = {Gráficos de Variáveis Qualitativas},
note="\url{http://www.de.ufpb.br/~luiz/AED/Aula5.pdf
}",
}
@online{variaveis5,
author = {Mundo Educação},
title = {Variáveis na Estatística},
note="\url{http://mundoeducacao.bol.uol.com.br/matematica/variaveis-na-estatistica.htm}",
}
@online{dados,
author = {Wikiciencias},
title = {Tabela de frequência},
note="\url{http://wikiciencias.casadasciencias.org/wiki/index.php/Tabela_de_frequ%C3%AAncias}",
}
@online{mat,
author = {So Matematica},
title = {Estatística},
note="\url{http://www.somatematica.com.br/estat/basica/pagina1.php}",
}
@online{conc,
author = {Portal Educação},
title = {Estatística},
note="\url{https://www.portaleducacao.com.br/conteudo/artigos/educacao/a-importancia-da-estatistica/30442}",
}
@online{conc1,
author = {Administradores},
title = {Estatística},
note="\url{http://www.administradores.com.br/artigos/tecnologia/a-importancia-da-estatistica/67496/}",
}