@book{hillier2013introduccao,
  title={Introdu{\c{c}}{\~a}o {\`a} pesquisa operacional},
  author={Hillier, Frederick S and Lieberman, Gerald J},
  year={2013},
  publisher={McGraw Hill Brasil}
}

@online{teoriadosjogos,
author = {Nogueira, Fernando},
title = {Modelagem e Simulação - Teoria dos Jogos},
year = {2009},
url = {https://www.ufjf.br/epd042/files/2009/02/jogos.pdf},
}

@book{dealmeida,
  title={Processo de decis{\~a}o nas organiza{\c{c}}{\~o}es: construindo modelos de decis{\~a}o multicrit{\'e}rio},
  author={de Almeida, Adiel Teixeira},
  year={2000},
  publisher={Editora Atlas SA}
}

@mastersthesis{tcc,
  title={Modelo de decis{\~a}o multicrit{\'e}rio para sele{\c{c}}{\~a}o de fornecedores de equipamentos laboratoriais para pesquisa agropecu{\'a}ria},
  author={RODRIGUEZ, Jenny Milena Moreno},
  year={2017},
  school={Universidade Federal de Pernambuco}
}

@article{van,
  title={Entropy-optimal weight constraint elicitation with additive multi-attribute utility models},
  author={van Valkenhoef, Gert and Tervonen, Tommi},
  journal={Omega},
  volume={64},
  pages={1--12},
  year={2016},
  publisher={Elsevier}
}

@book{introduction,
  title={Introduction to management science},
  author={Taylor, Bernard W and Bector, CR and Bhatt, SK and Rosenbloom, Earl Saul},
  year={2002},
  publisher={Prentice Hall}
}

@article{modelagem,
  title={Modelagem de planilha e An{\'a}lise de Decis{\~a}o: uma introdu{\c{c}}{\~a}o pr{\'a}tica a business analytics},
  author={Ragsdale, CT},
  journal={S{\~a}o Paulo: Cengage Learning},
  year={2014}
}
