@book{ehrlich1991,
  title={Pesquisa operacional: curso introdut{\'o}rio},
  author={Ehrlich, Pierre Jacques},
  year={1991},
  publisher={Atlas}
}

@article{milhomem2015utilizaccao,
  title={Utiliza{\c{c}}{\~a}o da programa{\c{c}}{\~a}o linear e do m{\'e}todo simplex para otimiza{\c{c}}{\~a}o da produ{\c{c}}{\~a}o de p{\~a}es em uma empresa de panifica{\c{c}}{\~a}o},
  author={MILHOMEM, Danilo Alcantara and others},
  journal={XXXV Encontro Nacional de Engenharia de Produ{\c{c}}{\~a}o: Perspectivas globais para a engenharia de produ{\c{c}}{\~a}o, Fortaleza},
  year={2015}
}

@book{hillier2013introduccao,
  title={Introdu{\c{c}}{\~a}o {\`a} pesquisa operacional},
  author={Hillier, Frederick S and Lieberman, Gerald J},
  year={2013},
  publisher={McGraw Hill Brasil}
}

@online{unicamp,
author = {Prof. Moretti},
title = {Programação Linear},
url = {https://www.ime.unicamp.br/~moretti/ms428/aula9.pdf},
}

@online{unesp,
title = {O Método Simplex},
url = {http://wwwp.fc.unesp.br/~arbalbo/Iniciacao_Cientifica/simplex/teoria/3_simplex.pdf},
}
