@article{furlani2020imobilizaccao,
  title={Imobiliza{\c{c}}{\~a}o enzim{\'a}tica: conceito e efeitos na prote{\'o}lise},
  author={Furlani, Izadora L and Amaral, Bruno S and Oliveira, Regina V and Cass, Quezia B},
  journal={Qu{\'\i}mica Nova},
  volume={43},
  pages={463--473},
  year={2020},
  publisher={SciELO Brasil}
}