@incollection{nelson2002leninger,
  title={Leninger princ{\'\i}pios de bioqu{\'\i}mica},
  author={Nelson, David L and Cox, Michael M},
  booktitle={Leninger princ{\'\i}pios de bioqu{\'\i}mica},
  pages={975--975},
  year={2002}
}
@article{covizzi2007imobilizaccao,
  title={Imobiliza{\c{c}}{\~a}o de c{\'e}lulas microbianas e suas aplica{\c{c}}{\~o}es biotecnol{\'o}gicas},
  author={Covizzi, Luiz Gustavo and Giese, Ellen Cristine and Gomes, Eleni and Dekker, Robert FH and da Silva, Roberto},
  journal={Semina: Ci{\^e}ncias Exatas e Tecnol{\'o}gicas},
  volume={28},
  number={2},
  pages={143--160},
  year={2007}
}
@article{cardoso2009imobilizaccao,
  title={Imobiliza{\c{c}}{\~a}o de enzimas em suportes cromatogr{\'a}ficos: uma ferramenta na busca por subst{\^a}ncias bioativas},
  author={Cardoso, Carmen L{\'u}cia and Moraes, Marcela C de and Cass, Quezia B},
  journal={Qu{\'\i}mica Nova},
  volume={32},
  pages={175--187},
  year={2009},
  publisher={SciELO Brasil}
}
@article{furlani2020imobilizaccao,
  title={Imobiliza{\c{c}}{\~a}o enzim{\'a}tica: conceito e efeitos na prote{\'o}lise},
  author={Furlani, Izadora L and Amaral, Bruno S and Oliveira, Regina V and Cass, Quezia B},
  journal={Qu{\'\i}mica Nova},
  volume={43},
  pages={463--473},
  year={2020},
  publisher={SciELO Brasil}
}