@online{imp1,
author = {TaxGroup},
title = {Tabela ICMS atualizada},
year = {2022},
url = {https://www.taxgroup.com.br/intelligence/tabela-icms-atualizada/},
pubstate = {Brasil},
urlaccessdate = {02.10.2022},
}

@online{imp2,
author = {Senado},
title = {Governo volta a elevar impostos, agora de chocolate, sorvete, cigarro e ração},
year = {2016},
url = {https://www2.senado.leg.br/bdsf/bitstream/handle/id/520100/noticia.html?sequence=1#:~:text=Chocolates%20e%20sorvete.,sobre%20o%20pre%C3%A7o%20de%20venda.},
pubstate = {Brasil},
urlaccessdate = {02.10.2022},
}

@online{imp3,
author = {Brasil},
title = {INSTRUÇÃO NORMATIVA Nº 1.911, DE 11 DE OUTUBRO DE 2019},
year = {2019},
url = {https://www.in.gov.br/en/web/dou/-/instrucao-normativa-n-1.911-de-11-de-outubro-de-2019-221810934},
pubstate = {Brasil},
urlaccessdate = {02.10.2022},
}

@online{imp4,
author = {Brasil},
title = {CSLL - CONTRIBUIÇÃO SOCIAL SOBRE O LUCRO LÍQUIDO},
year = {-},
url = {http://www.portaltributario.com.br/tributos/csl.html},
pubstate = {Brasil},
urlaccessdate = {02.10.2022},
}

@online{imp5,
author = {Brasil},
title = {IRPJ (Imposto sobre a renda das pessoas jurídicas)},
year = {2015},
url = {https://www.gov.br/receitafederal/pt-br/assuntos/orientacao-tributaria/tributos/IRPJ#:~:text=A%20al%C3%ADquota%20do%20IRPJ%20%C3%A9,%24%2020.000%2C00%20%2F%20m%C3%AAs.},
pubstate = {Brasil},
urlaccessdate = {02.10.2022},
}

@online{ene,
author = {Brasil61},
title = {Preço da energia elétrica em Minas Gerais foi um dos que menos cresceu no país em 2021, diz Aneel},
year = {2022},
url = {https://brasil61.com/n/preco-da-energia-eletrica-em-minas-gerais-foi-um-dos-que-menos-cresceu-no-pais-em-2021-diz-aneel-pind223108},
pubstate = {Brasil},
urlaccessdate = {02.10.2022},
}

@online{agua,
author = {G1 Globo},
title = {Água mais cara? Entenda a nova tarifa da Copasa em MG},
year = {2021},
url = {https://g1.globo.com/mg/minas-gerais/noticia/2021/08/04/agua-mais-cara-entenda-a-nova-tarifa-da-copasa-em-mg.ghtml},
pubstate = {Brasil},
urlaccessdate = {02.10.2022},
}


@online{galpao,
author = {VivaReal},
title = {Galpão/Depósito/Armazém para Alugar, 1000 m² por R\$ 17.000 Mês},
year = {2022},
url = {https://www.vivareal.com.br/imovel/galpao-deposito-armazem-juliana-bairros-belo-horizonte-1000m2-aluguel-RS17000-id-2518260511/},
pubstate = {Brasil},
urlaccessdate = {02.10.2022},
}

@online{sala1,
author = {Vagas.com},
title = {Diretor Industrial},
year = {2022},
url = {https://www.vagas.com.br/cargo/diretor-industrial},
pubstate = {Brasil},
urlaccessdate = {02.10.2022},
}

@online{encargos,
author = {Treasy},
title = {Encargos trabalhistas},
year = {2022},
url = {https://www.treasy.com.br/blog/encargos-trabalhistas/},
pubstate = {Brasil},
urlaccessdate = {02.10.2022},
}

@online{sala2,
author = {Vagas.com},
title = {Operador de Máquinas},
year = {2022},
url = {https://www.vagas.com.br/cargo/operador-de-maquinas},
pubstate = {Brasil},
urlaccessdate = {02.10.2022},
}

@online{i1,
author = {MFRural},
title = {Amêndoa de cacau inteira},
year = {2022},
url = {https://www.mfrural.com.br/detalhe/185844/amendoa-do-cacau-inteira},
pubstate = {Brasil},
urlaccessdate = {02.10.2022},
}

@online{i2,
author = {Guarani},
title = {Saco de 25kg de açúcar refinado},
year = {2022},
url = {https://www.aguarani.com.br/acucar-refinado---saco-de-25-kg-36826724},
pubstate = {Brasil},
urlaccessdate = {02.10.2022},
}

@online{i3,
author = {IngredientesOnline},
title = {Manteiga de cacau 25kg},
year = {2022},
url = {https://www.ingredientesonline.com.br/manteiga-de-cacau?utm_source=google&https://www.ingredientesonline.com.br/https://www.ingredientesonline.com.bhttps://www.ingredientesonline.com.br/?utm_source=google&utm_medium=cpc&utm_campaign=geral&utm_term=keywords&utm_content=google_shopping_io_b2c_keywords_brasil_geral_produto_produto_feed_produtos_roas4#volume=5672},
pubstate = {Brasil},
urlaccessdate = {02.10.2022},
}

@online{i4,
author = {FeijaoVeneza},
title = {Leite em pó integral 25kg},
year = {2022},
url = {https://feijaoveneza.com.br/leite-em-po-integral-25-kg-saco?gclid=CjwKCAjwp9qZBhBkEiwAsYFsb4__RAzaBqdqPYkHt2qH0xykzvWi_xycoHge-1qpvHlEtEC3JSMR2xoCYJgQAvD_BwE},
pubstate = {Brasil},
urlaccessdate = {02.10.2022},
}

@online{i5,
author = {Guangdong Changxing Printing Service Co. Ltd.},
title = {Rolo de BOPP para Embalagens FlowPack},
year = {2022},
url = {https://pt.made-in-china.com/co_cx-pack/product_Custom-Print-Automatic-Sachet-Packaging-Roll-Film-Food-Plastic-Laminated-Aluminum-Foil-Bags-Print-Rolls_uoossrhseg.html},
pubstate = {Brasil},
urlaccessdate = {02.10.2022},
}

@online{m1,
author = {Inove},
title = {Torrador de café 20kg},
year = {2022},
url = {https://produto.mercadolivre.com.br/MLB-1192701220-torrador-de-cafe-20kg-_JM},
pubstate = {Brasil},
urlaccessdate = {02.10.2022},
}

@online{m2,
author = {AmantesdaBreja},
title = {Moedor de Amêndoas},
year = {2022},
url = {https://www.amantesdabreja.com.br/moagem/linha-chocolate/moedor-de-amendoas/moedor-de-amendoa},
pubstate = {Brasil},
urlaccessdate = {02.10.2022},
}

@online{m3,
author = {Zhengzhou Longer Machinery Co., Ltd.},
title = {Bean pelling machine cocoa high efficient},
year = {2022},
url = {https://www.alibaba.com/product-detail/Bean-Peeling-Machine-Cocoa-High-Efficient_60773326020.html?spm=a2700.galleryofferlist.normal_offer.d_title.25d053aallo5ha&s=p},
pubstate = {Brasil},
urlaccessdate = {02.10.2022},
}

@online{m4,
author = {ChocolateMelangeur},
title = {Electra pro},
year = {2022},
url = {https://www.chocolatemelangeur.com/electra-pro-100-chocolate-melanger},
pubstate = {Brasil},
urlaccessdate = {02.10.2022},
}

@online{m5,
author = {CENCIFABRISGIOVAN},
title = {Derretedeira industrial de 50kg},
year = {2022},
url = {https://produto.mercadolivre.com.br/MLB-2749274426-derretedeira-industrial-de-chocolate-50-kg-_JM#position=8&search_layout=stack&type=item&tracking_id=c497ae3b-bd08-439a-9031-9cfdf589db01},
pubstate = {Brasil},
urlaccessdate = {02.10.2022},
}

@online{m6,
author = {Vonin},
title = {Temperadeira ruby5},
year = {2022},
url = {https://produto.mercadolivre.com.br/MLB-2825324737-temperadeira-ruby5-vonin-_JM#position=3&search_layout=stack&type=item&tracking_id=fc20b8e8-f800-435c-994e-4cdf057fb40a},
pubstate = {Brasil},
urlaccessdate = {02.10.2022},
}

@online{m7,
author = {Cetro},
title = {Envasadora 2 bicos},
year = {2022},
url = {https://www.cetro.com.br/envasadora-de-produtos-pastosos-2-bicos-cetro-1000-5000ml/p},
pubstate = {Brasil},
urlaccessdate = {02.10.2022},
}

@online{m8,
author = {Vibramax},
title = {Mesa vibratória},
year = {2022},
url = {https://www.vibramax.com.br/mesa-vibratoria},
pubstate = {Brasil},
urlaccessdate = {02.10.2022},
}

@online{m9,
author = {Cetro},
title = {Flow pack invertida},
year = {2022},
url = {https://www.cetro.com.br/flow-pack-invertida-cfpm-280-i/p},
pubstate = {Brasil},
urlaccessdate = {02.10.2022},
}








@online{c2-1,
author = {Editoria Chocolatear},
title = {Chocolate, mercado que cresce},
year = {2021},
url = {https://castelliescolachocolataria.com.br/blog/chocolate--mercado-que-cresce#:~:text=O%20consumo%20de%20chocolates%20finos,do%20total%20produzido%20no%20pa%C3%ADs},
pubstate = {Brasil},
urlaccessdate = {02.09.2022},
}

@online{c2-2,
author = {SEBRAE},
title = { ESTUDO DE MERCADO CHOCOLATES GOURMET},
year = {2017},
url = {https://www.sebrae.com.br/Sebrae/Portal%20Sebrae/UFs/BA/Anexos/Chocolate%20gourmet%20na%20Bahia.pdf},
pubstate = {Brasil},
urlaccessdate = {02.09.2022},
}


@book{Ole,
  title={Decision-maker's guide to solid-waste management},
  author={O'Leary, Philip R},
  year={1999},
  publisher={Diane Publishing}
}

@article{oliveira,
  title={Gest{\~a}o de res{\'\i}duos pl{\'a}sticos p{\'o}s-consumo: perspectivas para a reciclagem no Brasil},
  author={De Oliveira, MCBR},
  journal={Rio de Janeiro},
  year={2012}
}

@online{PNRS,
author = {Plano Nacional de Resíduos Sólidos - PNRS},
title = {Versão  Preliminar  para  Consulta  Pública},
year = {2011},
url = {https://www.gov.br/mma/pt-br},
pubstate = {Brasil},
urlaccessdate = {03.03.2022},
}

@online{ABNT,
author = {Associação Brasileira de Normas Técnicas - ABNT},
title = {NORMA BRASILEIRA ABNT NBR 10004},
year = {2004},
url = {https://analiticaqmcresiduos.paginas.ufsc.br/files/2014/07/Nbr-10004-2004-Classificacao-De-Residuos-Solidos.pdf},
pubstate = {Brasil},
urlaccessdate = {03.03.2022},
}

@online{FEAM,
author = {Fundação Estadual do Meio Ambiente - FEAM},
title = {Projeto Estruturador Revitalização e Desenvolvimento Sustentável na Bacia do Rio São Francisco - Orientações Básicas para Operação de Aterro Sanitário},
year = {2006},
url = {https://perdigao.mg.gov.br/imagens/li_arquivos/2/arquivos_51220191636240.pdf},
pubstate = {Brasil},
urlaccessdate = {03.03.2022},
}

@online{CNI,
author = {Confederação Nacional da Indústria - CNI},
title = {Sustentabilidade na Indústria da Alimentação – Uma visão de futuro para a Rio+20},
year = {2012},
url = {http://arquivos.portaldaindustria.com.br/app/conteudo_18/2013/09/23/4970/20131002162456498394o.pdf},
pubstate = {Brasília, DF},
urlaccessdate = {03.03.2022},
}

@online{0,
author = {Chef Carlo Möckli},
title = {A química do chocolate},
year = {2018},
url = {http://www.carlomockli.com/2018/09/a-quimica-do-chocolate.html},
pubstate = {Brasil},
urlaccessdate = {01.02.2022},
}

@online{melanger,
author = {Chocolate Alchemy},
title = {SPECTRA 11 CHOCOLATE MELANGER},
year = {2022},
url = {https://chocolatealchemy.myshopify.com/products/spectra-11-chocolate-melanger},
pubstate = {Brasil},
urlaccessdate = {03.03.2022},
}

@online{nibs,
author = {Zelia Frangioni},
title = {Nibs de cacau é chocolate 100% cacau antes de virar tablete},
year = {2016},
url = {https://chocolatrasonline.com.br/nibs-de-cacau-e-chocolate-100-cacau-antes-de-virar-tablete/},
pubstate = {Brasil},
urlaccessdate = {03.03.2022},
}

@online{temp,
author = {EJEQ},
title = {Processo de temperagem},
year = {2020},
url = {https://www.ejeq.com.br/temperagem-nos-chocolates/},
pubstate = {Brasil},
urlaccessdate = {03.03.2022},
}

@online{Sucden,
author = {Sucden},
title = {Cocoa Process Flowchart},
year = {2022},
url = {https://www.sucden.com/en/products-and-services/cocoa/process-flowchart/},
pubstate = {Brasil},
urlaccessdate = {02.03.2022},
}

@online{lindt,
author = {Lindt},
title = {A invenção da Lindt},
year = {2022},
url = {https://www.lindt.com.br/os-diferenciais-da-lindt/a-invencao-da-conchagem#:~:text=A%20conchagem%20%C3%A9%20um%20processo,n%C3%A3o%20muito%20diferente%20da%20evapora%C3%A7%C3%A3o.},
pubstate = {Brasil},
urlaccessdate = {02.03.2022},
}

@online{1,
author = {Serviço Nacional de Aprendizagem Rural SENAR},
title = {Coleção Senar - Cacau: produção, manejo e colheita},
year = {2018},
url = {https://www.gov.br/agricultura/pt-br/assuntos/ceplac/arquivos/cartilhas-senar/215-cacau-producao-manejo-colheita.pdf/view},
pubstate = {Brasil},
urlaccessdate = {01.02.2022},
}
@online{2,
author = {Unesco},
title = {Mayo Chinchipe - Marañón archaeological landscape},
year = {2016},
url = {https://whc.unesco.org/en/tentativelists/6091/},
pubstate = {Equador},
urlaccessdate = {01.02.2022},
}
@online{3,
author = {International Cocoa Organization ICCO},
title = {Data on Production and Grindings of Cocoa Beans},
year = {2021},
url = {https://www.icco.org/statistics/#production},
pubstate = {Costa do Marfim},
urlaccessdate = {01.02.2022},
}

@online{4,
author = {ABICAB},
title = {Associação Brasileira da Indústria de Chocolates, Amendoim e Balas},
year = {2022},
url = {http://www.abicab.org.br/},
pubstate = {Brasil},
urlaccessdate = {09.02.2022},
}

@online{5,
author = {DS Hansen},
title = {Cultura do Cacau},
year = {2016},
url = {http://www.uesc.br/projetos/consciencia/arquivos/cultura_cacau.pdf},
pubstate = {Bahia, Brasil},
urlaccessdate = {01.02.2022},
}

@online{6,
author = {IBGE},
title = {Tabela 7832 - Área plantada, área colhida, produção e rendimento médio, por ano da safra e produto das lavouras},
year = {2021},
url = {https://sidra.ibge.gov.br/tabela/7832},
pubstate = {Brasil},
urlaccessdate = {02.02.2022},
}

@article{7,
  title={Chocolate: sua história e principais características},
  author={Batista, Ana Paula Sabbag Amaral},
  year={2008}
}

@online{8,
author = {FIESP},
title = {AGRONEGÓCIO DO CACAU NO BRASIL Produção, Transformação e Oportunidades},
year = {2021},
url = {https://bioeconomia.fea.usp.br/agronegocio-do-cacau-producao-transformacao-e-oportunidades/#:~:text=Estudo%20%E2%80%9CAgroneg%C3%B3cio%20do%20Cacau%3A%20Produ%C3%A7%C3%A3o,resultados%20de%20desempenho%20de%20todos},
pubstate = {Brasil},
urlaccessdate = {02.02.2022},
}

@online{9,
author = {Yasmim da Fonseca Wagner},
title = {Avanços tecnológicos no processamento do cacau e derivados e efeitos no organismo},
year = {2020},
url = {https://downloads.editoracientifica.org/articles/201001666.pdf},
pubstate = {Brasil},
urlaccessdate = {02.02.2022},
}

@online{forbes,
author = {Forbes},
title = {Brasileiro está comendo mais chocolates, enquanto a produção de cacau é insuficiente para o mercado},
year = {2021},
url = {https://downloads.editoracientifica.org/articles/201001666.pdf},
pubstate = {Brasil},
urlaccessdate = {09.02.2022},
}

@online{fatsecret,
author = {FatSecret},
title = {FatSecret Brasil},
year = {2022},
url = {https://www.fatsecret.com.br/calorias-nutri%C3%A7%C3%A3o/search?q=chocolate},
pubstate = {Brasil},
urlaccessdate = {09.02.2022},
}

@article{10,
  title={Os diferentes m{\'e}todos de cultivo de cacau no sudeste da Bahia, Brasil: aspectos hist{\'o}ricos e percep{\c{c}}{\~o}es},
  author={Piasentin, Flora Bonazzi and Saito, Carlos Hiroo},
  journal={Boletim do Museu Paraense Em{\'\i}lio Goeldi. Ci{\^e}ncias Humanas},
  volume={9},
  number={1},
  pages={61--78},
  year={2014},
  publisher={SciELO Brasil}
}

@article{anvisa9782,
  author={Brasil},
  title={LEI Nº 9.782, DE 26 DE JANEIRO DE 1999},
  journal={Diário Oficial da União},
  year={1999},
  date={26.01.1999},
  organization={Brasil},
  url={http://www.planalto.gov.br/ccivil_03/leis/l9782.htm},
  address={Brasília, DF},
  shorttitle={LEI Nº 9.782/1999},
  urlaccessdate = {09.02.2022},
}

@article{anvisa326,
  author={Brasil},
  title={PORTARIA Nº 326, DE 30 DE JULHO DE 1997},
  journal={Diário Oficial da União},
  year={1997},
  date={30.07.1997},
  organization={Brasil},
  url={http://antigo.anvisa.gov.br/documents/10181/2718376/%281%29PRT_SVS_326_1997.pdf/45a45ff7-9f34-44f5-a8f2-6a391fb22d16},
  address={Brasília, DF},
  shorttitle={PORTARIA Nº 326/1997},
  urlaccessdate = {09.02.2022},
}

@article{anvisa275,
  author={Brasil},
  title={RESOLUÇÃO DE DIRETORIA COLEGIADA – RDC Nº 275, DE 21 DE OUTUBRO DE 2002},
  journal={Diário Oficial da União},
  year={2002},
  date={21.10.2002},
  organization={Brasil},
  url={http://antigo.anvisa.gov.br/documents/10181/2718376/RDC_275_2002_COMP.pdf/fce9dac0-ae57-4de2-8cf9-e286a383f254},
  address={Brasília, DF},
  shorttitle={RDC Nº 275/2002},
  urlaccessdate = {09.02.2022},
}

@article{anvisa429,
  author={Brasil},
  title={RESOLUÇÃO DA DIRETORIA COLEGIADA - RDC Nº 429, DE 8 DE OUTUBRO DE 2020},
  journal={Diário Oficial da União},
  year={2020},
  date={08.10.2020},
  organization={Brasil},
  url={http://antigo.anvisa.gov.br/documents/10181/3882585/RDC_429_2020_COMP.pdf/2ed9794e-374c-4381-b804-02b1f15d84d2},
  address={Brasília, DF},
  shorttitle={RDC Nº 429/2020},
  urlaccessdate = {09.02.2022},
}

@article{anvisa360,
  author={Brasil},
  title={RESOLUÇÃO DA DIRETORIA COLEGIADA – RDC Nº 360, DE 23 DE DEZEMBRO DE 2003},
  journal={Diário Oficial da União},
  year={2003},
  date={23.12.2003},
  organization={Brasil},
  url={http://antigo.anvisa.gov.br/documents/10181/2718376/RDC_360_2003_COMP.pdf/caab87a1-e912-459f-8bc0-831a48b95da9},
  address={Brasília, DF},
  shorttitle={RDC Nº 360/2003},
  urlaccessdate = {09.02.2022},
}

@article{anvisa264,
  author={Brasil},
  title={RESOLUÇÃO-RDC N° 264, DE 22 DE SETEMBRO DE 2005},
  journal={Diário Oficial da União},
  year={2005},
  date={22.09.2005},
  organization={Brasil},
  url={http://antigo.anvisa.gov.br/documents/10181/2718376/RDC_264_2005________.pdf/9d953229-724e-471e-bfcb-883d705dc639},
  address={Brasília, DF},
  shorttitle={RDC Nº 264/2005},
  urlaccessdate = {09.02.2022},
}

@article{anvisa259,
  author={Brasil},
  title={RESOLUÇÃO DE DIRETORIA COLEGIADA – RDC Nº 259, DE 20 DE SETEMBRO DE 2002},
  journal={Diário Oficial da União},
  year={2002},
  date={20.08.2002},
  organization={Brasil},
  url={http://antigo.anvisa.gov.br/documents/10181/2718376/%281%29RDC_259_2002_COMP.pdf/556a749c-50ea-45e1-9416-eff2676c4b22},
  address={Brasília, DF},
  shorttitle={RDC Nº 259/2002},
  urlaccessdate = {09.02.2022},
}

@article{anvisa91,
  author={Brasil},
  title={RESOLUÇÃO DE DIRETORIA COLEGIADA - RDC Nº 91, DE 11 DE MAIO DE 2001},
  journal={Diário Oficial da União},
  year={2001},
  date={11.05.2001},
  organization={Brasil},
  url={http://antigo.anvisa.gov.br/documents/10181/2718376/%284%29RDC_91_2001_COMP.pdf/14e43607-c4b5-4457-9edd-cf36678c606b},
  address={Brasília, DF},
  shorttitle={RDC Nº 91/2001},
  urlaccessdate = {09.02.2022},
}

@article{anvisa26,
  author={Brasil},
  title={RESOLUÇÃO DA DIRETORIA COLEGIADA - RDC N° 26, DE 2 DE JULHO DE 2015},
  journal={Diário Oficial da União},
  year={2015},
  date={02.07.2015},
  organization={Brasil},
  url={http://antigo.anvisa.gov.br/documents/10181/2694583/RDC_26_2015_.pdf/b0a1e89b-e23d-452f-b029-a7bea26a698c},
  address={Brasília, DF},
  shorttitle={RDC Nº 26/2015},
  urlaccessdate = {09.02.2022},
}

@article{anvisa1769,
  author={Brasil},
  title={Projeto de Lei n° 1769, de 2019},
  journal={Atividade Legislativa - Senado},
  year={2019},
  date={17.12.2019},
  organization={Brasil},
  url={https://www25.senado.leg.br/web/atividade/materias/-/materia/135966#:~:text=Projeto%20de%20Lei%20n%C2%B0%201769%2C%20de%202019&text=Ementa%3A,em%20todo%20o%20territ%C3%B3rio%20nacional},
  address={Brasília, DF},
  shorttitle={PL 1769/2019},
  urlaccessdate = {09.02.2022},
}

@online{anvisaleis,
author = {ANVISA},
title = {BIBLIOTECA DE ALIMENTOS},
year = {2022},
url = {https://www.gov.br/anvisa/pt-br/assuntos/regulamentacao/legislacao/bibliotecas-tematicas/arquivos/biblioteca-de-alimentos},
pubstate = {Brasil},
urlaccessdate = {08.02.2022},
}

@online{ilheus,
author = {Maria Luiza Heine},
title = {A Cultura do Cacau},
year = {2022},
url = {https://ilheuscomamor.wordpress.com/historia/a-cultura-do-cacau/},
pubstate = {Brasil},
urlaccessdate = {08.02.2022},
}

@online{dengo,
author = {Dengo},
title = {Negócios sustentáveis e chocolate: qual é a relação?},
year = {2022},
url = {https://dengo.com/pt-br/blogs/news/sustainable-business-and-chocolate-how-is-this-related},
pubstate = {Brasil},
urlaccessdate = {08.02.2022},
}

@online{xpeed,
author = {XpeedSchool},
title = {Páscoa: ESG na indústria do chocolate},
year = {2022},
url = {https://xpeedschool.com.br/blog/pascoa-esg-na-industria-do-chocolate/},
pubstate = {Brasil},
urlaccessdate = {08.02.2022},
}

@online{unimed,
author = {Unimed},
title = {Benefícios do chocolate e características de cada tipo},
year = {2022},
url = {https://www.unimed.coop.br/viver-bem/alimentacao/beneficios-do-chocolate-e-caracteristicas-de-cada-tipo},
pubstate = {Brasil},
urlaccessdate = {08.02.2022},
}

@online{saude,
author = {Tatiana Zanin},
title = {8 benefícios do chocolate para a saúde},
year = {2022},
url = {https://www.tuasaude.com/beneficios-do-chocolate/},
pubstate = {Brasil},
urlaccessdate = {08.02.2022},
}