@article{souza2020modelagem,
  title={MODELAGEM E SIMULA{\c{C}}{\~A}O DE UM REATOR DO TIPO CSTR N{\~A}O ISOT{\'E}RMICO NO SOFTWARE EMSO},
  author={Souza, Fernanda Siqueira and da Silva Colpo, Barbara Adriane and Hamm, Janice Botelho Souza},
  journal={REVISTA DE ENGENHARIA E TECNOLOGIA},
  volume={12},
  number={1},
  year={2020}
}
@article{schultz2013simulaccao,
  title={Simula{\c{c}}{\~a}o do reator qu{\'\i}mico de retromistura no software EMSO},
  author={Schultz, Guilhermina and Lauer, Joice and Lopes, Junara and Rangel, Rainer and Simonelli, George},
  journal={ENCICLOP{\'E}DIA BIOSFERA},
  volume={9},
  number={17},
  year={2013}
}